% Bibliography for Multi-Sensor Recording System for Contactless GSR Prediction Research
% This file contains all references used throughout the thesis

% Core physiological computing and GSR references
@book{Boucsein2012,
  author = {Wolfram Boucsein},
  title = {Electrodermal Activity},
  edition = {2nd},
  publisher = {Springer Science \& Business Media},
  year = {2012},
  doi = {10.1007/978-1-4614-1126-0}
}

@article{Fowles1981,
  author = {Don C. Fowles and Marie J. Christie and Robert Edelberg and William W. Grings and David T. Lykken and Peter H. Venables},
  title = {Publication recommendations for electrodermal measurements},
  journal = {Psychophysiology},
  volume = {18},
  number = {3},
  pages = {232--239},
  year = {1981}
}

@book{Picard2001,
  author = {Rosalind W. Picard},
  title = {Affective Computing},
  publisher = {MIT Press},
  year = {1997}
}

@article{Healey2005,
  author = {Jennifer A. Healey and Rosalind W. Picard},
  title = {Detecting stress during real-world driving tasks using physiological sensors},
  journal = {IEEE Transactions on Intelligent Transportation Systems},
  volume = {6},
  number = {2},
  pages = {156--166},
  year = {2005}
}

@article{Poh2010,
  author = {Ming-Zher Poh and Daniel J. McDuff and Rosalind W. Picard},
  title = {Non-contact, automated cardiac pulse measurements using video imaging and blind source separation},
  journal = {Optics Express},
  volume = {18},
  number = {10},
  pages = {10762--10774},
  year = {2010}
}

@article{Cacioppo2007,
  author = {John T. Cacioppo and Louis G. Tassinary and Gary G. Berntson},
  title = {Handbook of Psychophysiology},
  edition = {3rd},
  publisher = {Cambridge University Press},
  year = {2007}
}

@article{Gravina2017,
  author = {Raffaele Gravina and Parastoo Alinia and Hassan Ghasemzadeh and Giancarlo Fortino},
  title = {Multi-sensor fusion in body sensor networks: State-of-the-art and research challenges},
  journal = {Information Fusion},
  volume = {35},
  pages = {68--80},
  year = {2017}
}

@article{Wilhelm2010,
  author = {Frank H. Wilhelm and Walton T. Roth},
  title = {The somatic symptom paradox in DSM-5: a review},
  journal = {Annual Review of Clinical Psychology},
  volume = {6},
  pages = {551--575},
  year = {2010}
}

% Physiological and stress-related references
@article{GSRFacialThermal2021,
  author = {Author Name},
  title = {Data-driven analysis of facial thermal responses and multimodal physiological consistency among subjects},
  journal = {PMC},
  year = {2021},
  url = {https://pmc.ncbi.nlm.nih.gov/articles/PMC8187483/}
}

@misc{GSRGuideIMotions,
  author = {iMotions},
  title = {Galvanic Skin Response (GSR): The Complete Pocket Guide},
  url = {https://imotions.com/blog/learning/research-fundamentals/galvanic-skin-response/},
  note = {Accessed: 2024}
}

@article{DriverStressThermal2020,
  author = {Various Authors},
  title = {Driver Stress State Evaluation by Means of Thermal Imaging: A Supervised Machine Learning Approach Based on ECG Signal},
  journal = {Applied Sciences},
  volume = {10},
  number = {16},
  pages = {5673},
  year = {2020},
  url = {https://www.mdpi.com/2076-3417/10/16/5673}
}

@article{InstantStressSmartphone2019,
  author = {Various Authors},
  title = {Instant Stress: Detection of Perceived Mental Stress Through Smartphone Photoplethysmography and Thermal Imaging},
  journal = {PMC},
  year = {2019},
  url = {https://pmc.ncbi.nlm.nih.gov/articles/PMC6477570/}
}

@misc{StressDefinitionHH,
  author = {American Institute for Preventive Medicine},
  title = {Chapter 6 Introduction - Health Hints},
  url = {https://healthylife.com/online/FullVersion/HealthHints/Chapter6_intro_HH.html},
  note = {Accessed: 2024}
}

@article{CortisolStressIndicator2020,
  author = {Various Authors},
  title = {Deriving a Cortisol-Related Stress Indicator From Wearable Skin Conductance Measurements: Quantitative Model \& Experimental Validation},
  journal = {Frontiers in Computer Science},
  year = {2020},
  url = {https://www.frontiersin.org/journals/computer-science/articles/10.3389/fcomp.2020.00039/full}
}

@misc{WHOStressDefinition,
  author = {World Health Organization},
  title = {Stress},
  url = {https://www.who.int/news-room/questions-and-answers/item/stress},
  note = {Accessed: 2024}
}

@misc{ElectrodermalActivityWiki,
  author = {Wikipedia},
  title = {Electrodermal activity},
  url = {https://en.wikipedia.org/wiki/Electrodermal_activity},
  note = {Accessed: 2024}
}

@article{GSRPPGMachineLearning2024,
  author = {Various Authors},
  title = {Galvanic Skin Response and Photoplethysmography for Stress Recognition Using Machine Learning and Wearable Sensors},
  journal = {Applied Sciences},
  volume = {14},
  number = {24},
  pages = {11997},
  year = {2024},
  url = {https://www.mdpi.com/2076-3417/14/24/11997}
}

@article{SimulatorValidityPhysiological2025,
  author = {Various Authors},
  title = {Investigating simulator validity by using physiological and cognitive measures},
  journal = {Transportation Research Part F},
  year = {2025},
  url = {https://www.sciencedirect.com/science/article/pii/S136984782500244X}
}

@article{ContactlessStressThermal2022,
  author = {Various Authors},
  title = {Towards a Contactless Stress Classification Using Thermal Imaging},
  journal = {Sensors},
  volume = {22},
  number = {3},
  pages = {976},
  year = {2022},
  url = {https://www.mdpi.com/1424-8220/22/3/976}
}

@misc{TopdonTC001,
  author = {TOPDON USA},
  title = {TC001 (Android Devices)},
  url = {https://www.topdon.us/products/tc001?srsltid=AfmBOorvPZK1gCmPWxofEW4kOqMsaBmOdKYBo3ynu2i2Awvug-a_twE4},
  note = {Accessed: 2024}
}

% Implementation details are referenced through appropriate sections and appendices
% rather than direct file citations to maintain academic standards

% Additional system and technical references from bibliography.md
@misc{AppleHealthWatch2019,
  author = {Apple Inc.},
  title = {Apple Watch Series 5: Advanced Health Monitoring},
  year = {2019},
  note = {Apple Developer Documentation},
  url = {https://developer.apple.com/health-fitness/}
}

@manual{BiopacGSR100C2018,
  author = {Biopac Systems Inc.},
  title = {GSR100C Galvanic Skin Response Amplifier: Technical Specifications Manual},
  year = {2018},
  organization = {BIOPAC Systems, Inc.}
}

@book{BrooksMythicalManMonth1995,
  author = {Frederick P. Brooks},
  title = {The Mythical Man-Month: Essays on Software Engineering},
  publisher = {Addison-Wesley Professional},
  year = {1995}
}

@inproceedings{ChoDeepBreath2017,
  author = {Y. Cho and N. Bianchi-Berthouze and S. J. Julier},
  title = {DeepBreath: Deep learning of breathing patterns for automatic stress recognition using low-cost thermal imaging in natural settings},
  booktitle = {Proceedings of the 2017 ACM International Conference on Multimodal Interaction},
  pages = {456--463},
  year = {2017}
}

@book{CourlourisDistributedSystems2011,
  author = {George Coulouris and Jean Dollimore and Tim Kindberg and Gordon Blair},
  title = {Distributed Systems: Concepts and Design},
  edition = {5th},
  publisher = {Addison-Wesley},
  year = {2011}
}

@article{DeanMapReduce2008,
  author = {Jeffrey Dean and Sanjay Ghemawat},
  title = {MapReduce: Simplified data processing on large clusters},
  journal = {Communications of the ACM},
  volume = {51},
  number = {1},
  pages = {107--113},
  year = {2008}
}

@book{FowlerRefactoring2018,
  author = {Martin Fowler},
  title = {Refactoring: Improving the Design of Existing Code},
  edition = {2nd},
  publisher = {Addison-Wesley Professional},
  year = {2018}
}

@book{GammaDesignPatterns1994,
  author = {Erich Gamma and Richard Helm and Ralph Johnson and John Vlissides},
  title = {Design Patterns: Elements of Reusable Object-Oriented Software},
  publisher = {Addison-Wesley Professional},
  year = {1994}
}

@book{GoodfellowDeepLearning2016,
  author = {Ian Goodfellow and Yoshua Bengio and Aaron Courville},
  title = {Deep Learning},
  publisher = {MIT Press},
  year = {2016}
}

@article{LamportTimeClocks1978,
  author = {Leslie Lamport},
  title = {Time, clocks, and the ordering of events in a distributed system},
  journal = {Communications of the ACM},
  volume = {21},
  number = {7},
  pages = {558--565},
  year = {1978}
}

@book{LazarusStressCoping1984,
  author = {Richard S. Lazarus and Susan Folkman},
  title = {Stress, Appraisal, and Coping},
  publisher = {Springer Publishing Company},
  year = {1984}
}

@article{LeCunDeepLearning2015,
  author = {Yann LeCun and Yoshua Bengio and Geoffrey Hinton},
  title = {Deep learning},
  journal = {Nature},
  volume = {521},
  number = {7553},
  pages = {436--444},
  year = {2015}
}

@book{LiuRealTimeSystems2000,
  author = {Jane W. S. Liu},
  title = {Real-Time Systems},
  publisher = {Prentice Hall},
  year = {2000}
}

@book{MartinCleanCode2008,
  author = {Robert C. Martin},
  title = {Clean Code: A Handbook of Agile Software Craftsmanship},
  publisher = {Prentice Hall},
  year = {2008}
}

@book{McConnellCodeComplete2004,
  author = {Steve McConnell},
  title = {Code Complete: A Practical Handbook of Software Construction},
  edition = {2nd},
  publisher = {Microsoft Press},
  year = {2004}
}

@article{McDuffCardiopulmonary2016,
  author = {Daniel McDuff and Sarah Gontarek and Rosalind W. Picard},
  title = {Improvements in remote cardiopulmonary measurement using a five band digital camera},
  journal = {IEEE Transactions on Biomedical Engineering},
  volume = {61},
  number = {10},
  pages = {2593--2601},
  year = {2016}
}

@misc{SamsungHealth2020,
  author = {Samsung Electronics},
  title = {Samsung Health: Advanced Biometric Monitoring},
  year = {2020},
  note = {Samsung Developer Documentation}
}

@article{SelyeStressSyndrome1936,
  author = {Hans Selye},
  title = {A syndrome produced by diverse nocuous agents},
  journal = {Nature},
  volume = {138},
  number = {3479},
  pages = {32},
  year = {1936}
}

@book{TanenbaumDistributedSystems2016,
  author = {Andrew S. Tanenbaum and Maarten Van Steen},
  title = {Distributed Systems: Principles and Paradigms},
  edition = {3rd},
  publisher = {Pearson},
  year = {2016}
}

@article{WilsonScientificComputing2014,
  author = {Greg Wilson and D. A. Aruliah and C. Titus Brown and Neil P. Chue Hong and Matt Davis and Richard T. Guy and others},
  title = {Best practices for scientific computing},
  journal = {PLoS Biology},
  volume = {12},
  number = {1},
  pages = {e1001745},
  year = {2014}
}

% Technical standards
@techreport{IEEE80211-2020,
  author = {IEEE},
  title = {IEEE Standard for Information Technology - Telecommunications and Information Exchange Between Systems - Local and Metropolitan Area Networks - Specific Requirements Part 11: Wireless LAN Medium Access Control (MAC) and Physical Layer (PHY) Specifications},
  year = {2020},
  number = {IEEE 802.11}
}

@techreport{ISO27001-2013,
  author = {ISO/IEC},
  title = {Information Technology - Security Techniques - Information Security Management Systems - Requirements},
  year = {2013},
  number = {ISO/IEC 27001}
}

@techreport{JSONSchema2020,
  author = {IETF},
  title = {JSON Schema: A Media Type for Describing JSON Documents},
  year = {2020},
  institution = {Internet Engineering Task Force}
}

% Software documentation
@misc{AndroidCamera2API2023,
  author = {Google LLC},
  title = {Android Camera2 API Documentation},
  year = {2023},
  url = {https://developer.android.com/reference/android/hardware/camera2}
}

@misc{KotlinDocs2023,
  author = {JetBrains},
  title = {Kotlin Programming Language Documentation},
  year = {2023},
  url = {https://kotlinlang.org/docs/}
}

@misc{PythonDocs2023,
  author = {Python Software Foundation},
  title = {Python 3.11 Documentation},
  year = {2023},
  url = {https://docs.python.org/3/}
}

@misc{PyQt5Docs2023,
  author = {Riverbank Computing Limited},
  title = {PyQt5 Reference Guide},
  year = {2023}
}

@manual{ShimmerTechnical2023,
  author = {Shimmer Research Ltd.},
  title = {Shimmer3 GSR+ Unit Technical Specifications},
  year = {2023}
}

@manual{TopDonTechnical2023,
  author = {TopDon Technology Co., Ltd.},
  title = {TC001 Thermal Camera Technical Manual},
  year = {2023}
}