@book{Boucsein2012,
  title={Electrodermal Activity},
  author={Boucsein, Wolfram},
  year={2012},
  publisher={Springer Science \& Business Media},
  isbn={978-1-4614-1126-0},
  doi={10.1007/978-1-4614-1126-0},
  address={New York, NY}
}

@article{AppliedSciences2020AffectiveComputing,
  title={Applied Sciences},
  author={MDPI},
  journal={Applied Sciences},
  volume={10},
  number={8},
  pages={2924},
  year={2020},
  publisher={MDPI},
  doi={10.3390/app10082924},
  url={https://www.mdpi.com/2076-3417/10/8/2924}
}

@article{PMC2021GSRStress,
  title={Galvanic skin response in psychology, physiology, and free-will in humans: A systematic review},
  author={Jangra, Ashutosh and Dwivedi, Sandeep and Sriram, Sowmya and Krishnamurthy, Sridhar},
  journal={International Journal of Psychology},
  year={2021},
  publisher={PMC},
  url={https://pmc.ncbi.nlm.nih.gov/articles/PMC8187483/}
}

@article{Nature2019GSRResponse,
  title={Neural mechanisms of stress susceptibility and resilience},
  author={Various Authors},
  journal={Nature Scientific Reports},
  volume={9},
  pages={41172},
  year={2019},
  publisher={Nature Publishing Group},
  doi={10.1038/s41598-019-41172-7},
  url={https://www.nature.com/articles/s41598-019-41172-7}
}

@misc{ShimmerGSRSpecs,
  title={Shimmer3 GSR+ Unit Specifications},
  author={{Shimmer Sensing}},
  year={2024},
  url={https://www.shimmersensing.com/product/shimmer3-gsr-unit/},
  note={Accessed: 2024}
}

@misc{TopdonTC001Specs,
  title={TC001 Thermal Camera Specifications},
  author={{Topdon Technology}},
  year={2024},
  url={https://www.topdon.us/products/tc001},
  note={Accessed: 2024}
}

@misc{TopdonTC001PlusSpecs,
  title={TC001 Plus Thermal Camera Specifications},
  author={{Topdon Technology}},
  year={2024},
  url={https://www.topdon.us/products/tc001-plus},
  note={Accessed: 2024}
}

@misc{AndroidCameraX,
  title={CameraX Documentation},
  author={{Google Android Developers}},
  year={2024},
  url={https://developer.android.com/training/camerax},
  note={Accessed: 2024}
}

@misc{NordicBLE,
  title={Android BLE Library},
  author={{Nordic Semiconductor}},
  year={2024},
  url={https://github.com/NordicSemiconductor/Android-BLE-Library},
  note={Accessed: 2024}
}

@misc{ShimmerAndroidAPI,
  title={Shimmer Java Android API},
  author={{Shimmer Engineering}},
  year={2024},
  url={https://github.com/ShimmerEngineering/Shimmer-Java-Android-API},
  note={Accessed: 2024}
}

@misc{UVCCamera,
  title={UVCCamera: USB Video Class (UVC) Camera Library for Android},
  author={{Serenegiant}},
  year={2024},
  url={https://github.com/saki4510t/UVCCamera},
  note={Accessed: 2024}
}

@misc{PyQt6,
  title={PyQt6 Documentation},
  author={{Riverbank Computing}},
  year={2024},
  url={https://doc.qt.io/qtforpython/},
  note={Accessed: 2024}
}

@misc{OpenCV,
  title={OpenCV: Open Source Computer Vision Library},
  author={{OpenCV Foundation}},
  year={2024},
  url={https://opencv.org/},
  note={Accessed: 2024}
}

@misc{PyBind11,
  title={PyBind11: Python Bindings for C++},
  author={{Wenzel Jakob}},
  year={2024},
  url={https://pybind11.readthedocs.io/},
  note={Accessed: 2024}
}

@misc{LabStreamingLayer,
  title={Lab Streaming Layer (LSL) Documentation},
  author={{LSL Community}},
  year={2024},
  url={https://labstreaminglayer.readthedocs.io/},
  note={Accessed: 2024}
}

@misc{Zeroconf,
  title={Zeroconf/mDNS Service Discovery},
  author={{Python Software Foundation}},
  year={2024},
  url={https://python-zeroconf.readthedocs.io/},
  note={Accessed: 2024}
}

@misc{NeuralSenseGSR,
  title={Galvanic Skin Response Technology},
  author={{Neural Sense}},
  year={2024},
  url={https://www.neuralsense.com/tech},
  note={Accessed: 2024}
}

@article{TechScience2021StressRecognition,
  title={Human Stress Recognition from Facial Thermal Images},
  author={Various Authors},
  journal={Computer Modeling in Engineering and Sciences},
  volume={130},
  number={2},
  year={2021},
  publisher={Tech Science Press},
  url={https://www.techscience.com/CMES/v130n2/45961/html}
}

@misc{RTIThermalMentalEffort,
  title={Using Thermal Imaging to Measure Mental Effort: The Nose Knows},
  author={{RTI International}},
  year={2024},
  url={https://www.rti.org/rti-press-publication/using-thermal-imaging-measure-mental-effort-nose-know},
  note={Accessed: 2024}
}

@article{ScienceDirect2025GSR,
  title={Electrodermal Activity and Physiological Responses},
  author={Various Authors},
  journal={Science Direct},
  year={2025},
  url={https://www.sciencedirect.com/science/article/pii/S136984782500244X}
}

@misc{TopdonCommunitySDK,
  title={Developing a Flutter App with Topdon Thermal Camera},
  author={{Topdon Community}},
  year={2024},
  url={https://community.topdon.com/detail?id=352&type=1},
  note={Accessed: 2024}
}

@misc{ShimmerWirelessFAQ,
  title={Wireless Sensor Networks FAQs},
  author={{Shimmer Sensing}},
  year={2024},
  url={https://www.shimmersensing.com/support/wireless-sensor-networks-faqs/},
  note={Accessed: 2024}
}

@misc{RedditTopdonHeating,
  title={Topdon TC001 Plus Self Heating Gradient Discussion},
  author={{Reddit r/Thermal Community}},
  year={2024},
  url={https://www.reddit.com/r/Thermal/comments/1gc3nwc/topdon_tc001_plus_self_heating_gradient/},
  note={Accessed: 2024}
}