@article{Lamport1978,
  author    = {Leslie Lamport},
  title     = {Time, clocks, and the ordering of events in a distributed system},
  journal   = {Communications of the ACM},
  volume    = {21},
  number    = {7},
  pages     = {558--565},
  year      = {1978},
  publisher = {ACM}
}

@article{Lamport2001,
  author    = {Leslie Lamport},
  title     = {Paxos made simple},
  journal   = {ACM SIGACT News},
  volume    = {32},
  number    = {4},
  pages     = {18--25},
  year      = {2001},
  publisher = {ACM}
}

@book{Martin2008,
  author    = {Robert C. Martin},
  title     = {Clean Code: A Handbook of Agile Software Craftsmanship},
  publisher = {Prentice Hall},
  year      = {2008}
}

@book{Fowler2018,
  author    = {Martin Fowler},
  title     = {Refactoring: Improving the Design of Existing Code},
  edition   = {2nd},
  publisher = {Addison-Wesley Professional},
  year      = {2018}
}

@book{Tanenbaum2016,
  author    = {Andrew S. Tanenbaum and Maarten Van Steen},
  title     = {Distributed Systems: Principles and Paradigms},
  edition   = {3rd},
  publisher = {Pearson},
  year      = {2016}
}

@book{Coulouris2011,
  author    = {George Coulouris and Jean Dollimore and Tim Kindberg and Gordon Blair},
  title     = {Distributed Systems: Concepts and Design},
  edition   = {5th},
  publisher = {Addison-Wesley},
  year      = {2011}
}

@book{Gamma1994,
  author    = {Erich Gamma and Richard Helm and Ralph Johnson and John Vlissides},
  title     = {Design Patterns: Elements of Reusable Object-Oriented Software},
  publisher = {Addison-Wesley Professional},
  year      = {1994}
}

@book{Liu2000,
  author    = {Jane W. S. Liu},
  title     = {Real-Time Systems},
  publisher = {Prentice Hall},
  year      = {2000}
}

@article{Wilson2014,
  author    = {Greg Wilson and D. A. Aruliah and C. Titus Brown and Neil P. Chue Hong and Matt Davis and Richard T. Guy and Steven H. D. Haddock and Kathryn D. Huff and Ian M. Mitchell and Mark D. Plumbley and Ben Waugh and Ethan P. White and Paul Wilson},
  title     = {Best practices for scientific computing},
  journal   = {PLoS Biology},
  volume    = {12},
  number    = {1},
  pages     = {e1001745},
  year      = {2014}
}

@book{McConnell2004,
  author    = {Steve McConnell},
  title     = {Code Complete: A Practical Handbook of Software Construction},
  edition   = {2nd},
  publisher = {Microsoft Press},
  year      = {2004}
}

@book{Brooks1995,
  author    = {Frederick P. Brooks},
  title     = {The Mythical Man-Month: Essays on Software Engineering},
  publisher = {Addison-Wesley Professional},
  year      = {1995}
}

@article{Healey2005,
  author    = {Jennifer A. Healey and Rosalind W. Picard},
  title     = {Detecting stress during real-world driving tasks using physiological sensors},
  journal   = {IEEE Transactions on Intelligent Transportation Systems},
  volume    = {6},
  number    = {2},
  pages     = {156--166},
  year      = {2005}
}

@book{Boucsein2012,
  author    = {Wolfram Boucsein},
  title     = {Electrodermal Activity},
  edition   = {2nd},
  publisher = {Springer Science \& Business Media},
  year      = {2012},
  doi       = {10.1007/978-1-4614-1126-0}
}

@book{Avizienis2004,
  author    = {Algirdas Avizienis and Jean-Claude Laprie and Brian Randell and Carl Landwehr},
  title     = {Basic concepts and taxonomy of dependable and secure computing},
  journal   = {IEEE Transactions on Dependable and Secure Computing},
  volume    = {1},
  number    = {1},
  pages     = {11--33},
  year      = {2004}
}

@book{Buschmann1996,
  author    = {Frank Buschmann and Regine Meunier and Hans Rohnert and Peter Sommerlad and Michael Stal},
  title     = {Pattern-Oriented Software Architecture: A System of Patterns},
  publisher = {John Wiley \& Sons},
  year      = {1996}
}

@book{Gray1993,
  author    = {Jim Gray and Andreas Reuter},
  title     = {Transaction Processing: Concepts and Techniques},
  publisher = {Morgan Kaufmann},
  year      = {1993}
}

@book{Date2003,
  author    = {C. J. Date},
  title     = {An Introduction to Database Systems},
  edition   = {8th},
  publisher = {Addison-Wesley},
  year      = {2003}
}

@article{Mills1991,
  author    = {David L. Mills},
  title     = {Internet time synchronization: the network time protocol},
  journal   = {IEEE Transactions on Communications},
  volume    = {39},
  number    = {10},
  pages     = {1482--1493},
  year      = {1991}
}

@book{Bass2012,
  author    = {Len Bass and Paul Clements and Rick Kazman},
  title     = {Software Architecture in Practice},
  edition   = {3rd},
  publisher = {Addison-Wesley Professional},
  year      = {2012}
}

@article{Fischer1985,
  author    = {Michael J. Fischer and Nancy A. Lynch and Michael S. Paterson},
  title     = {Impossibility of distributed consensus with one faulty process},
  journal   = {Journal of the ACM},
  volume    = {32},
  number    = {2},
  pages     = {374--382},
  year      = {1985}
}

@article{Chandra1996,
  author    = {Tushar Deepak Chandra and Sam Toueg},
  title     = {Unreliable failure detectors for reliable distributed systems},
  journal   = {Journal of the ACM},
  volume    = {43},
  number    = {2},
  pages     = {225--267},
  year      = {1996}
}

@article{Parnas1972,
  author    = {David L. Parnas},
  title     = {On the criteria to be used in decomposing systems into modules},
  journal   = {Communications of the ACM},
  volume    = {15},
  number    = {12},
  pages     = {1053--1058},
  year      = {1972}
}

@article{Garlan1993,
  author    = {David Garlan and Mary Shaw},
  title     = {An introduction to software architecture},
  journal   = {Advances in Software Engineering and Knowledge Engineering},
  volume    = {1},
  pages     = {1--40},
  year      = {1993}
}

@misc{Apple2019,
  author    = {{Apple Inc.}},
  title     = {Apple Watch Series 5: Advanced Health Monitoring},
  year      = {2019},
  url       = {https://developer.apple.com/health-fitness/},
  note      = {Apple Developer Documentation}
}

@misc{Samsung2020,
  author    = {{Samsung Electronics}},
  title     = {Samsung Health: Advanced Biometric Monitoring},
  year      = {2020},
  note      = {Samsung Developer Documentation}
}

@book{Goodfellow2016,
  author    = {Ian Goodfellow and Yoshua Bengio and Aaron Courville},
  title     = {Deep Learning},
  publisher = {MIT Press},
  year      = {2016}
}

@article{LeCun2015,
  author    = {Yann LeCun and Yoshua Bengio and Geoffrey Hinton},
  title     = {Deep learning},
  journal   = {Nature},
  volume    = {521},
  number    = {7553},
  pages     = {436--444},
  year      = {2015}
}

@article{Dean2008,
  author    = {Jeffrey Dean and Sanjay Ghemawat},
  title     = {MapReduce: Simplified data processing on large clusters},
  journal   = {Communications of the ACM},
  volume    = {51},
  number    = {1},
  pages     = {107--113},
  year      = {2008}
}

@article{Fowles1981,
  author    = {Don C. Fowles and Marie J. Christie and Robert Edelberg and William W. Grings and David T. Lykken and Peter H. Venables},
  title     = {Publication recommendations for electrodermal measurements},
  journal   = {Psychophysiology},
  volume    = {18},
  number    = {3},
  pages     = {232--239},
  year      = {1981}
}