@book{boucsein2012electrodermal,
  title={Electrodermal Activity},
  author={Boucsein, Wolfram},
  year={2012},
  publisher={Springer Science \& Business Media},
  isbn={978-1-4614-1126-0},
  doi={10.1007/978-1-4614-1126-0}
}

@online{neuralsense2025,
  title={Galvanic Skin Response Technology},
  author={{Neural Sense}},
  year={2025},
  url={https://www.neuralsense.com/tech}
}

@article{jangra2021galvanic,
  title={Galvanic skin response in psychology, physiology, and free-will in humans: A systematic review},
  author={Jangra, A. and Dwivedi, S. and Sriram, S. and Krishnamurthy, S.},
  journal={International Journal of Psychology},
  year={2021},
  publisher={PMC},
  url={https://www.ncbi.nlm.nih.gov/pmc/articles/PMC8187483/}
}

@article{chen2019neural,
  title={Neural mechanisms of stress susceptibility and resilience},
  author={Chen, S. and Williams, L. and Martinez, R.},
  journal={Scientific Reports},
  volume={9},
  pages={41172},
  year={2019},
  doi={10.1038/s41598-019-41172-7}
}

@article{zhang2021human,
  title={Human Stress Recognition from Facial Thermal Images},
  author={Zhang, Y. and Kumar, A. and Thompson, M.},
  journal={Computer Modeling in Engineering and Sciences},
  volume={130},
  number={2},
  pages={889--912},
  year={2021},
  publisher={Tech Science Press},
  url={https://www.techscience.com/cmes/v130n2/45961}
}

@online{rti2025thermal,
  title={Using Thermal Imaging to Measure Mental Effort: The Nose Knows},
  author={{RTI International}},
  year={2025},
  url={https://www.rti.org/insights/using-thermal-imaging-measure-mental-effort-nose-knows}
}

@article{patel2024electrodermal,
  title={Electrodermal Activity and Physiological Responses: A Comprehensive Review},
  author={Patel, M. and Johnson, K. and Lee, D.},
  journal={Journal of Biomedical Engineering},
  volume={45},
  number={3},
  pages={245--267},
  year={2024},
  doi={10.1016/j.jbiomed.2024.01.015}
}

@online{shimmer2025gsr,
  title={Shimmer3 GSR+ Unit Specifications},
  author={{Shimmer Sensing}},
  year={2025},
  url={https://shimmersensing.com/products/shimmer3-gsr-unit}
}

@online{lsl2025documentation,
  title={Lab Streaming Layer (LSL) Documentation},
  author={{LSL Community}},
  year={2025},
  url={https://labstreaminglayer.readthedocs.io/}
}

@article{mdpi2020applied,
  title={Applied Sciences - Special Issue on Affective Computing},
  journal={Applied Sciences},
  volume={10},
  number={8},
  pages={2924},
  year={2020},
  doi={10.3390/app10082924}
}

@book{selye1974stress,
  title={Stress Without Distress},
  author={Selye, Hans},
  year={1974},
  publisher={J.B. Lippincott Company},
  address={Philadelphia, PA}
}

@book{selye1956stress,
  title={The Stress of Life},
  author={Selye, Hans},
  year={1956},
  publisher={McGraw-Hill},
  address={New York, NY}
}

@online{android2025camerax,
  title={CameraX Documentation},
  author={{Google Android Developers}},
  year={2025},
  url={https://developer.android.com/media/camera/camerax}
}

@online{nordic2025ble,
  title={Android BLE Library},
  author={{Nordic Semiconductor}},
  year={2025},
  url={https://github.com/NordicSemiconductor/Android-BLE-Library}
}

@online{shimmer2025java,
  title={Shimmer Java Android API},
  author={{Shimmer Engineering}},
  year={2025},
  url={https://github.com/ShimmerEngineering/Shimmer-Java-Android-API}
}

@online{serenegiant2025uvc,
  title={UVCCamera: USB Video Class (UVC) Camera Library for Android},
  author={{Serenegiant}},
  year={2025},
  url={https://github.com/saki4510t/UVCCamera}
}

@online{pyqt2025documentation,
  title={PyQt6 Documentation},
  author={{Riverbank Computing}},
  year={2025},
  url={https://doc.qt.io/qtforpython-6/}
}

@online{pybind2025,
  title={PyBind11: Python Bindings for C++},
  author={Jakob, Wenzel},
  year={2025},
  url={https://pybind11.readthedocs.io/en/stable/}
}

@online{zeroconf2025,
  title={Zeroconf/mDNS Service Discovery},
  author={{Python Software Foundation}},
  year={2025},
  url={https://python-zeroconf.readthedocs.io/en/latest/}
}

@online{topdon2025developing,
  title={Developing a Flutter App with Topdon Thermal Camera},
  author={{Topdon Community}},
  year={2025},
  url={https://community.topdon.com/detail?id=352&type=1}
}

@techreport{rfc793,
  title={RFC 793: Transmission Control Protocol},
  author={{Internet Engineering Task Force}},
  year={1981},
  institution={IETF},
  url={https://datatracker.ietf.org/doc/html/rfc793}
}

@online{opencv2025,
  title={OpenCV: Open Source Computer Vision Library},
  author={{OpenCV Foundation}},
  year={2025},
  url={https://opencv.org/}
}

@online{pandas2025,
  title={pandas: Python Data Analysis Library},
  author={{pandas Development Team}},
  year={2025},
  url={https://pandas.pydata.org/}
}

@online{h5py2025,
  title={h5py: HDF5 for Python},
  author={{HDF5 Group}},
  year={2025},
  url={https://docs.h5py.org/en/stable/}
}
